% This file was created with Citavi 6.3.0.0

@book{Krallmann.2017,
 author = {Krallmann, Achim and Dockter, Diana and Ritter, Alexander},
 year = {2017},
 title = {Modellbasiertes Requirements Engineering: Von der Anforderung zum ausf{\"u}hrbaren Testfall},
 address = {Frankfurt},
 publisher = {{entwickler Press}},
 isbn = {9783868028058},
 file = {The attachment could not be added. The internal error message is: The network path was not found.
}
}


