% This file was created with Citavi 6.3.0.0

@book{.2018,
 author = {{Hui Jiang}},
 year = {2018},
 title = {Research and Implementation of Financial Approval System Based on jBPM Engine(IAEAC)},
 address = {Tianjin, China},
 publisher = {IEEE},
 isbn = {978-1-5386-4509-3},
 institution = {{Department of Computer Science and Technology, Tianjin University Renai College}},
 file = {http://www.worldcat.org/oclc/1091762727}
}


@book{AmelieLang.17.April2019,
 author = {{Amelie Lang}},
 year = {17. April 2019},
 title = {Das sagenumwobene Umgebungsvideo: Requirements --Engineering und --Management},
 urldate = {14. Novembre 2019}
}


@misc{AmelieLang.2019,
 author = {{Amelie Lang} and {Markus Wiener} and {Michael Bezold} and {Chris Rupp} and {Jan Dovica}},
 year = {2019},
 title = {Videos im RE: Das sagenumwobene Umgebungsvideo},
 url = {https://blog.sophist.de/2019/04/17/videos-im-re-das-sagenumwobene-umgebungsvideo/},
 address = {N{\"u}rnberg},
 urldate = {14/01/2020}
}


@book{AndreaDeLuciaCarmineGravinoRoccoOlivetoGenoveffaTortora.2008,
 author = {{Andrea De Lucia, Carmine Gravino,Rocco Oliveto, Genoveffa Tortora}},
 year = {2008},
 title = {Data Model Comprehension: An Empirical Comparison of ER and UML Class Diagrams},
 urldate = {28/11/2019},
 publisher = {{16th IEEE International Conference on Program Comprehension}}
}


@book{AndyS.Evans.1998,
 author = {{Andy S. Evans}},
 year = {1998},
 title = {Reasoning with UML Class Diagrams},
 urldate = {26/11/2019},
 publisher = {{2nd IEEE Workshop on Industrial Strength Formal Specification Techniques}}
}


@book{Benker.2016,
 author = {Benker, Thomas and J{\"u}rck, Carsten and Wolf, Matthias},
 year = {2016},
 title = {Gesch{\"a}ftsprozessorientierte Systementwicklung: Von der Unternehmensarchitektur zum IT-System},
 address = {Wiesbaden},
 publisher = {{Springer Science and Business Media :   Springer Vieweg}},
 isbn = {978-3-658-14825-6}
}


@book{BernhardRumpe.2016,
 author = {{Bernhard Rumpe}},
 year = {2016},
 title = {Modeling with UML},
 address = {New York NY},
 publisher = {{Springer Berlin Heidelberg}},
 isbn = {978-3-319-33932-0}
}


@book{Bernroider.2006,
 author = {Bernroider, Edward and Stix, Volker},
 year = {2006},
 title = {Grundz{\"u}ge der Modellierung: Anwendungen in der Softwareentwicklung},
 address = {Wien},
 edition = {2. Aufl.},
 publisher = {WUV},
 isbn = {9783851149319},
 series = {Manual}
}


@book{BranSelic.2003,
 author = {{Bran Selic}},
 year = {2003},
 title = {The pragmatics of model-driven development},
 urldate = {13.11.2019},
 publisher = {{IEEE Xplore}}
}


@misc{CamundaServicesGmbH.2019,
 author = {{Camunda Services GmbH}},
 year = {2019},
 title = {Camunda Docs - BPM Platform},
 url = {https://docs.camunda.org/manual/7.7/},
 address = {Berlin},
 urldate = {07/01/2020},
 publisher = {{Camunda GmbH}}
}


@book{CamundaServicesGmbH.May2017,
 author = {{Camunda Services GmbH}},
 year = {May, 2017},
 title = {Microservices and BPM},
 address = {Berlin},
 urldate = {07/01/2020},
 publisher = {{Camunda GmbH}},
 institution = {{Camunda Services GmbH}}
}


@book{DavidHarel.1987,
 author = {{David Harel}},
 year = {1987},
 title = {Statecharts: A visual formalism for complex systems},
 urldate = {12/12/2019},
 publisher = {{Department of Applied Mathematics, The Weizmann Institute of Science, Rehovot, Israel}}
}


@misc{DirkStahler.,
 author = {{Dirk St{\"a}hler}},
 title = {BPMN verdr{\"a}ngt die EPK?},
 url = {https://www.gbtec.de/de/ueber-gbtec/veranstaltungen/webinar_bpmn_vs_epk/},
 address = {Bochum}
}


@book{EdSeidewitz.2003,
 author = {{Ed Seidewitz}},
 year = {2003},
 title = {What Models Mean},
 urldate = {28/11/2019},
 publisher = {{IEEE Software}},
 file = {https://www.researchgate.net/publication/3248044_What_models_mean}
}


@book{EUROPEANASSOCIATIONOFBPM.2009,
 author = {{EUROPEAN ASSOCIATION OF BPM}},
 year = {2009},
 title = {Business process management common body of knowledge},
 address = {Indiana},
 publisher = {{Association of Business Process Management Professionals}},
 isbn = {1442105666}
}


@book{FREUND.2016,
 author = {{Jakob Freund}, Bernd R{\"u}cker},
 year = {2016},
 title = {PRAXISHANDBUCH BPMN 2.0},
 publisher = {{CARL HANSER Verlag GMBH}},
 isbn = {978-3-446-45054-7}
}


@misc{FriedbertSamland.,
 author = {{Friedbert Samland}, Willm T{\"u}ting},
 title = {Monolith to Microservice, Waterfall to agile - Success with Camunda},
 address = {Berlin},
 institutions = {{Telekom IT}},
 file = {https://www.youtube.com/watch?v=S1ntiiFS_iY&t=58s}
}


@book{G.KellerM.NuttgensA.W.Scheer.Januar1992,
 author = {{G. Keller, M. N{\"u}ttgens, A.-W. Scheer}},
 year = {Januar 1992},
 title = {Semantische Proze{\ss}modellierungauf der Grundlage Ereignisgesteuerter Prozessketten},
 urldate = {02/12/2019}
}


@book{GeroDecker.,
 author = {{Gero Decker}, Willi Tscheschner},
 title = {Migration von EPK zu BPMN},
 urldate = {05/12/2019}
}


@book{Hammerschall.2013,
 author = {Hammerschall, Ulrike and Beneken, Gerd Hinrich},
 year = {2013},
 title = {Software requirements},
 address = {M{\"u}nchen},
 publisher = {{Pearson Deutschland}},
 isbn = {9783868941517},
 series = {Pearson it : Informatik}
}


@misc{ISOIEC159091.122004,
 author = {{ISO/IEC 15909-1}},
 year = {12-2004},
 title = {Systems and software engineering -- High-level Petri nets},
 publisher = {{ISO-International Organization for Standardization}}
}


@book{Krallmann.2017,
 author = {Krallmann, Achim and Ritter, Alexander},
 year = {2017},
 title = {Modellbasiertes Requirements Engineering : von der Anforderung zum ausf{\"u}hrbaren Testfall}
}


@book{Krogstie.2012,
 author = {Krogstie, John},
 year = {2012},
 title = {Model-based development and evolution of information systems},
 address = {London},
 publisher = {Springer},
 isbn = {978-1-4471-2935-6}
}


@book{MuhammadWaseemAnwar.March132018,
 author = {{Muhammad Waseem Anwar}},
 year = {March 13, 2018},
 title = {Event-Driven Process Chain for Modeling and Verification of Business Requirements},
 urldate = {03/12/2019},
 publisher = {{IEEE Access}}
}


@book{ParedesVillegas.1993,
 author = {{Paredes Villegas}, Antonio},
 year = {1993},
 title = {Research and Design of Document Flow Model Based on JBPM Workflow Engine},
 address = {Panam{\'a}},
 edition = {1. ed.},
 publisher = {{Instituto Nacional de cultura Direcci{\'o}n Nacional de Extensi{\'o}n Cultural Departamento de Letras}},
 isbn = {978-0-7695-3930-0},
 series = {Colecci{\'o}n Ricardo Mir{\'o}}
}


@phdthesis{Petri.1962,
 author = {Petri, Carl Adam},
 year = {1962},
 title = {Kommunikation mit Automaten},
 address = {University Hamburg},
 urldate = {12/12/2019},
 school = {{Fachbereich Informatik}},
 type = {Dissertation}
}


@book{Pohl.2015,
 author = {Pohl, Klaus and Rupp, Chris},
 year = {2015},
 title = {Basiswissen Requirements Engineering: Aus- und Weiterbildung zum {\textquotedbl}Certified Professional for Requirements Engineering{\textquotedbl}},
 address = {Heidelberg},
 edition = {4. Auflage},
 publisher = {dpunkt-Verlag},
 isbn = {9783864902833}
}


@misc{RedHat.2019,
 author = {{Red Hat}},
 year = {2019},
 title = {Red Hat Process Automation Manager},
 url = {https://www.redhat.com/de/technologies/jboss-middleware/process-automation-manager},
 address = {Internet},
 urldate = {7/01/2020}
}


@misc{RobertGimbel.20.2.2019,
 author = {{Robert Gimbel}},
 year = {20.2.2019},
 title = {Camunda Customer Journey},
 url = {https://de.slideshare.net/camunda/camunda-bpm-in-dach-71590192},
 address = {Wien},
 institutions = {{Camunda Services GmbH}},
 file = {https://www.youtube.com/watch?v=bKC6RiUE5AM}
}


@book{Rumbaugh.1999,
 author = {Rumbaugh, James and Jacobson, Ivar and Booch, Grady},
 year = {1999},
 title = {The unified modeling language reference manual},
 address = {Reading, Mass. and Harlow},
 publisher = {Addison-Wesley},
 isbn = {020130998X},
 series = {The Addison-Wesley object technology series}
}


@book{RutTorresVargasAriadiNugrohoMichelChaudronJoostVisser.2012,
 author = {{Rut Torres Vargas, Ariadi Nugroho, Michel Chaudron, Joost Visser}},
 year = {2012},
 title = {The use of UML class diagrams and its effect on code change-proneness},
 address = {Innsbruck, Austria},
 publisher = {{IEEE Software}},
 isbn = {978-1-4503-1811-2},
 series = {23rd International Conference on MODELS},
 institution = {{MODELS (Conference)}}
}


@book{ShamkantB.Navathe.1992,
 author = {{Shamkant B. Navathe}},
 year = {1992},
 title = {Evolution of data modeling for databases},
 urldate = {10.11.2019},
 publisher = {{Communication of the ACM}}
}


@book{Stachowiak.1973,
 author = {Stachowiak, Herbert},
 year = {1973},
 title = {General Modeltheorie},
 address = {Wien},
 publisher = {{Vienna Springer}},
 isbn = {3-211-81106-0}
}


@book{TerHofstede.2010,
 author = {{Ter Hofstede}, Arthur and {Nick Russell}},
 year = {2010},
 title = {Modern business process automation: YAWL and its support environment /   edited by Arthur H.M. ter Hofstede ... [et al.]},
 price = {{\pounds}72.00},
 address = {Heidelberg},
 urldate = {7/01/2020},
 publisher = {Springer},
 isbn = {978-3-642-03120-5}
}


@book{Winter.2013,
 abstract = {-- erstes deutsches Buch zum Thema-- Autoren sind renommiert, u.a. Konferenz zu MBT, Autoren der iX-Studie zum Thema {\textquotedbl}Model Based Testing{\textquotedbl} -- MBT soll demn{\"a}chst als ein Modul des Expert Level des Certified-Tester-Programms etabliert werden.},
 author = {Winter, Mario and Ro{\ss}ner, Thomas and G{\"o}tz, Helmut and Brandes, Christian},
 year = {2013},
 title = {Basiswissen modellbasierter Test},
 edition = {1st edition},
 publisher = {{dpunkt Verlag}},
 isbn = {9783898645898}
}


@book{Zhang.2008,
 author = {Zhang, Yanduo},
 year = {2008},
 title = {Research on workflow patterns based on jBPM {\&} jPDL},
 address = {Piscataway, NJ},
 publisher = {IEEE},
 isbn = {978-0-7695-3490-9},
 institution = {{Pacific-Asia Workshop on Computational Intelligence and Industrial Application}},
 file = {http://www.worldcat.org/oclc/836875119}
}


